@article{aly2005survey,
  title={Survey on multiclass classification methods},
  author={Aly, M.},
  journal={Neural networks},
  pages={1--9},
  year={2005}
}

@article{smith2002tutorial,
  title={A tutorial on principal components analysis},
  author={Smith, L.I.},
  journal={Cornell University, USA},
  volume={51},
  pages={52},
  year={2002}
}

@misc{learningfromdata2012course,
  title = {Learning from data -- {O}n-line course},
  author={Abu-Mostafa, Yaser S.},
  howpublished={\url{http://work.caltech.edu/telecourse.html}},
  year={2012},
}

@book{learningfromdata2012book,
 author = {Abu-Mostafa, Yaser S. and Magdon-Ismail, Malik and Lin, Hsuan-Tien},
 title = {Learning from data},
 year = {2012},
 isbn = {1600490069, 9781600490064},
 publisher = {AMLBook},
}

@inproceedings{sutton96generalizationin,
    author = {Richard S. Sutton},
    title = {Generalization in Reinforcement Learning: {S}uccessful Examples Using Sparse Coarse Coding},
    booktitle = {Advances in Neural Information Processing Systems 8},
    year = {1996},
    pages = {1038--1044},
    publisher = {MIT Press}
}

@inproceedings{boyan95generalizationin,
    author = {Justin A. Boyan and Andrew W. Moore},
    title = {Generalization in Reinforcement Learning: {S}afely Approximating the Value Function},
    booktitle = {Advances in Neural Information Processing Systems 7},
    year = {1995},
    pages = {369--376},
    publisher = {MIT Press}
}
